<?xml version="1.0" encoding="UTF-8"?><collection xmlns="http://www.loc.gov/MARC21/slim"><record><leader>00334nam--2200121-i-4500</leader><controlfield tag="001">000044107</controlfield><controlfield tag="002">20161230</controlfield><controlfield tag="005">20161230201044</controlfield><controlfield tag="008">060222s1000------------r-----000-0-eng-d</controlfield><datafield ind1=" " ind2=" " tag="100"><subfield code="a">Ptitin, A.G</subfield></datafield><datafield ind1=" " ind2=" " tag="245"><subfield code="a">Calauza frezorului care foloseste metoda rapida de taiere. trad.din l.rusa</subfield></datafield><datafield ind1=" " ind2=" " tag="260"><subfield code="a">Bucuresti, I.D.T., 1950, 25p</subfield></datafield><datafield ind1=" " ind2=" " tag="852"><subfield code="a">1357</subfield></datafield></record></collection>